@Article{Sample2024,
    author = {Sample, Ex},
    title = {An example reference for a single author article},
    journal = {Journal of Sample Articles},
    year = {2024},
    volume = {1},
    number = {1},
    pages = {1-23},
    }

@Article{Multiauthor2020,
    author = {First-Author, The and Author, Second and Third, Author The},
    title = {An example article with multiple authors},
    journal = {Competing Sample Article Journal},
    year = {2020},
    volume = {2},
    number = {4},
    pages = {6-8},
    }

@Book{FullBook2021,
    author = {Book Author, Fancy Pants},
    title = {{Fancy Pants Whole Book}},
    publisher = {So \& Fancy Publishing},
    year = {2021},
    address = {New York},
    }

@InBook{Contributor2023,
    author = {Contributor, Chapter},
    title = {{The Title of the Chapter}},
    pages = {42-69},
    booktitle = {{The Book Title}},
    publisher = {Other Publishing Place},
    year = {2023},
    editor = {Editor, First and Editor, Second},
    }

%%
%% This is file `./samples/bibliography.bib',
%% generated with the docstrip utility.
%%
%% The original source files were:
%%
%% apa7.dtx  (with options: `bibliography')
%% ----------------------------------------------------------------------
%% 
%% apa7 - A LaTeX class for formatting documents in compliance with the
%% American Psychological Association's Publication Manual, 7th edition
%% 
%% Copyright (C) 2019 by Daniel A. Weiss <daniel.weiss.led at gmail.com>
%% 
%% This work may be distributed and/or modified under the
%% conditions of the LaTeX Project Public License (LPPL), either
%% version 1.3c of this license or (at your option) any later
%% version.  The latest version of this license is in the file:
%% 
%% http://www.latex-project.org/lppl.txt
%% 
%% Users may freely modify these files without permission, as long as the
%% copyright line and this statement are maintained intact.
%% 
%% This work is not endorsed by, affiliated with, or probably even known
%% by, the American Psychological Association.
%% 
%% ----------------------------------------------------------------------
%% 


%% 
%% Copyright (C) 2019 by Daniel A. Weiss <daniel.weiss.led at gmail.com>
%% 
%% This work may be distributed and/or modified under the
%% conditions of the LaTeX Project Public License (LPPL), either
%% version 1.3c of this license or (at your option) any later
%% version.  The latest version of this license is in the file:
%% 
%% http://www.latex-project.org/lppl.txt
%% 
%% Users may freely modify these files without permission, as long as the
%% copyright line and this statement are maintained intact.
%% 
%% This work is not endorsed by, affiliated with, or probably even known
%% by, the American Psychological Association.
%% 
%% This work is "maintained" (as per LPPL maintenance status) by
%% Daniel A. Weiss.
%% 
%% This work consists of the file  apa7.dtx
%% and the derived files           apa7.ins,
%%                                 apa7.cls,
%%                                 apa7.pdf,
%%                                 README,
%%                                 APA7american.txt,
%%                                 APA7british.txt,
%%                                 APA7dutch.txt,
%%                                 APA7english.txt,
%%                                 APA7german.txt,
%%                                 APA7ngerman.txt,
%%                                 APA7greek.txt,
%%                                 APA7czech.txt,
%%                                 APA7turkish.txt,
%%                                 APA7endfloat.cfg,
%%                                 Figure1.pdf,
%%                                 shortsample.tex,
%%                                 longsample.tex, and
%%                                 bibliography.bib.
%% 
%%
%% End of file `./samples/bibliography.bib'.
